<?xml version="1.0" encoding="UTF-8"?><collection xmlns="http://www.loc.gov/MARC21/slim"><record><leader>00462nam--2200169-i-4500</leader><controlfield tag="001">000028576</controlfield><controlfield tag="002">20161230</controlfield><controlfield tag="005">20161230201037</controlfield><controlfield tag="008">060222s1000------------r-----000-0-eng-d</controlfield><datafield ind1=" " ind2=" " tag="040"><subfield code="a">IFIN-HH</subfield></datafield><datafield ind1=" " ind2=" " tag="080"><subfield code="a">530.1:53.02</subfield></datafield><datafield ind1="1" ind2=" " tag="100"><subfield code="a">Langhaar, Henry L</subfield></datafield><datafield ind1="1" ind2="0" tag="245"><subfield code="a">Dimensional analysis and theory of models</subfield><subfield code="c">Henry L. Langhaar</subfield></datafield><datafield ind1=" " ind2=" " tag="260"><subfield code="a">New York, John Wiley &amp; Sons, Inc., 1951,</subfield></datafield><datafield ind1=" " ind2=" " tag="300"><subfield code="a">XI + 166P</subfield></datafield><datafield ind1=" " ind2=" " tag="852"><subfield code="a">41987</subfield><subfield code="c">531.7</subfield></datafield><datafield ind1=" " ind2=" " tag="CAT"><subfield code="a">Sys</subfield><subfield code="c">20100709</subfield><subfield code="h">124307</subfield></datafield></record></collection>